<?xml version="1.0" encoding="UTF-8"?><collection xmlns="http://www.loc.gov/MARC21/slim"><record><leader>00341nam--2200133-i-4500</leader><controlfield tag="001">000042410</controlfield><controlfield tag="002">20161230</controlfield><controlfield tag="005">20161230201043</controlfield><controlfield tag="008">060222s1000------------r-----000-0-eng-d</controlfield><datafield ind1=" " ind2=" " tag="080"><subfield code="a">523.72:620.92:621.472:621.311</subfield></datafield><datafield ind1=" " ind2=" " tag="100"><subfield code="a">Spanulescu,Ion</subfield></datafield><datafield ind1=" " ind2=" " tag="245"><subfield code="a">Celule solare</subfield></datafield><datafield ind1=" " ind2=" " tag="260"><subfield code="a">Bucuresti, Ed.St.Si Enciclopedica, 1983. 431 P</subfield></datafield><datafield ind1=" " ind2=" " tag="852"><subfield code="a">71639</subfield></datafield></record></collection>